<record><leader>02001cas a2200445 a 4500</leader>
<controlfield tag="001">ocm08675118 </controlfield>
<controlfield tag="003">OCoLC</controlfield><controlfield tag="005">20140902021042.0</controlfield><controlfield tag="007">he bmb---baca</controlfield><controlfield tag="008">820810c19uu9999oru x p b     0    0eng c</controlfield><datafield tag="010" ind1=" " ind2=" "><subfield code="a">  2003238611</subfield></datafield><datafield tag="040" ind1=" " ind2=" "><subfield code="a">PIT</subfield><subfield code="b">eng</subfield><subfield code="c">PIT</subfield><subfield code="d">OCL</subfield><subfield code="d">IUL</subfield><subfield code="d">OCLCQ</subfield><subfield code="d">OCLCF</subfield><subfield code="d">OCLCO</subfield><subfield code="d">OCLCA</subfield></datafield><datafield tag="035" ind1=" " ind2=" "><subfield code="a">(OCoLC)8675118</subfield></datafield><datafield tag="042" ind1=" " ind2=" "><subfield code="a">pcc</subfield></datafield><datafield tag="043" ind1=" " ind2=" "><subfield code="a">n-us-or</subfield></datafield><datafield tag="050" ind1="1" ind2="4"><subfield code="a">E78.O6</subfield><subfield code="b">C44</subfield></datafield><datafield tag="049" ind1=" " ind2=" "><subfield code="a">ORUM</subfield></datafield><datafield tag="245" ind1="0" ind2="4"><subfield code="a">The Chemawa American</subfield><subfield code="h">[microform].</subfield></datafield><datafield tag="260" ind1=" " ind2=" "><subfield code="a">Chemawa, Or. :</subfield><subfield code="b">Salem Indian Training School</subfield></datafield><datafield tag="300" ind1=" " ind2=" "><subfield code="a">v. :</subfield><subfield code="b">ill. ;</subfield><subfield code="c">28 cm.</subfield></datafield><datafield tag="310" ind1=" " ind2=" "><subfield code="a">Irregular,</subfield><subfield code="b">&lt;1969&gt;-</subfield></datafield><datafield tag="321" ind1=" " ind2=" "><subfield code="a">Biweekly,</subfield><subfield code="b">Oct. 7, 1931-</subfield></datafield><datafield tag="321" ind1=" " ind2=" "><subfield code="a">Weekly,</subfield><subfield code="b">-Sept. 23, 1931</subfield></datafield><datafield tag="550" ind1=" " ind2=" "><subfield code="a">Issued -Dec. 5, 1928 by: the Salem Indian Training School; Dec. 12 1928-&lt;Apr. 11, 1933&gt; by: the U.S. Indian School; &lt;Dec. 10, 1937&gt;- by: the Chemawa Vocational School; and &lt;Jan. 1969&gt;- by: the Chemawa Indian School.</subfield></datafield><datafield tag="588" ind1=" " ind2=" "><subfield code="a">Description based on: Vol. 28, no. 1 (Sept. 22, 1926); title from caption.</subfield></datafield><datafield tag="533" ind1=" " ind2=" "><subfield code="a">Microfiche.</subfield><subfield code="m">v.28:no. 1-v.72:no. 9 (1926-1976):[Lacks v.38:no. 8-v.65:no. 2; Gaps]</subfield><subfield code="b">[New York] :</subfield><subfield code="c">Clearwater,</subfield><subfield code="d">1981.</subfield><subfield code="e">16 microfiches.</subfield><subfield code="f">(American Indian periodicals in the Princeton University Library).</subfield></datafield><datafield tag="650" ind1=" " ind2="0"><subfield code="a">Indians of North America</subfield><subfield code="z">Oregon</subfield><subfield code="v">Periodicals.</subfield></datafield><datafield tag="650" ind1=" " ind2="0"><subfield code="a">Indians of North America</subfield><subfield code="x">Education</subfield><subfield code="z">Oregon</subfield><subfield code="v">Periodicals.</subfield></datafield><datafield tag="650" ind1=" " ind2="7"><subfield code="a">Indians of North America.</subfield><subfield code="2">fast</subfield><subfield code="0">(OCoLC)fst00969633</subfield></datafield><datafield tag="650" ind1=" " ind2="7"><subfield code="a">Indians of North America</subfield><subfield code="x">Education.</subfield><subfield code="2">fast</subfield><subfield code="0">(OCoLC)fst00969714</subfield></datafield><datafield tag="651" ind1=" " ind2="7"><subfield code="a">Oregon.</subfield><subfield code="2">fast</subfield><subfield code="0">(OCoLC)fst01204579</subfield></datafield><datafield tag="655" ind1=" " ind2="7"><subfield code="a">Periodicals.</subfield><subfield code="2">fast</subfield><subfield code="0">(OCoLC)fst01411641</subfield></datafield><datafield tag="710" ind1="2" ind2=" "><subfield code="a">Salem Indian Training School (Chemawa, Salem, Or.)</subfield></datafield><datafield tag="710" ind1="2" ind2=" "><subfield code="a">U.S. Indian School (Chemawa, Salem, Or.)</subfield></datafield><datafield tag="710" ind1="2" ind2=" "><subfield code="a">Chemawa Vocational School.</subfield></datafield><datafield tag="710" ind1="2" ind2=" "><subfield code="a">Chemawa Indian School.</subfield></datafield><datafield tag="752" ind1=" " ind2=" "><subfield code="a">United States</subfield><subfield code="b">Oregon</subfield><subfield code="c">Marion</subfield><subfield code="d">Salem.</subfield></datafield><datafield tag="776" ind1="1" ind2=" "><subfield code="c">Original</subfield><subfield code="w">(OCoLC)6221091</subfield></datafield><datafield tag="830" ind1=" " ind2="0"><subfield code="a">American Indian periodicals in the Princeton University Library.</subfield></datafield><datafield tag="994" ind1=" " ind2=" "><subfield code="a">C0</subfield><subfield code="b">ORU</subfield></datafield></record>
